<?xml version="1.0" encoding="UTF-8"?><record xmlns="http://www.loc.gov/MARC21/slim" xmlns:cinclude="http://apache.org/cocoon/include/1.0" xmlns:zs="http://www.loc.gov/zing/srw/">
  <leader>00554cz  a2200157n  4500</leader>
  <controlfield tag="001">n 2011182019</controlfield>
  <controlfield tag="003">DLC</controlfield>
  <controlfield tag="005">20130827122331.0</controlfield>
  <controlfield tag="008">110526n| azannaabn          |a ana      </controlfield>
  <datafield tag="010" ind1=" " ind2=" ">
    <subfield code="a">n 2011182019</subfield>
  </datafield>
  <datafield tag="035" ind1=" " ind2=" ">
    <subfield code="a">(DNLM)1503560</subfield>
  </datafield>
  <datafield tag="040" ind1=" " ind2=" ">
    <subfield code="a">DNLM</subfield>
    <subfield code="b">eng</subfield>
    <subfield code="e">rda</subfield>
    <subfield code="c">DNLM</subfield>
    <subfield code="d">DLC</subfield>
  </datafield>
  <datafield tag="110" ind1="1" ind2=" ">
    <subfield code="a">Guernsey.</subfield>
    <subfield code="b">Medical Officer of Health</subfield>
  </datafield>
  <datafield tag="410" ind1="1" ind2=" ">
    <subfield code="w">nnea</subfield>
    <subfield code="a">Guernsey (Channel Islands).</subfield>
    <subfield code="b">Medical Officer of Health</subfield>
  </datafield>
  <datafield tag="410" ind1="1" ind2=" ">
    <subfield code="a">Guernsey.</subfield>
    <subfield code="b">Officier de la sante휍혖 publique</subfield>
  </datafield>
  <datafield tag="670" ind1=" " ind2=" ">
    <subfield code="a">Annual report of the Medical Officer of Health ... 1923:</subfield>
    <subfield code="b">p. 1 (l'Officier de la sante휍혖 publique)</subfield>
  </datafield>
</record>